<record><leader>00000cas a2200000 a 4500</leader><controlfield tag="001">29173562</controlfield><controlfield tag="008">931021d194319uuiluwr ne      0   a0eng c</controlfield><datafield ind1=" " ind2=" " tag="010"><subfield code="a">sn 93057150 </subfield></datafield><datafield ind1=" " ind2=" " tag="040"><subfield code="a">NVF</subfield><subfield code="b">eng</subfield><subfield code="c">NVF</subfield><subfield code="d">CVF</subfield><subfield code="d">OCLCQ</subfield><subfield code="d">OCLCF</subfield><subfield code="d">OCLCO</subfield><subfield code="d">NVF</subfield><subfield code="d">OCLCO</subfield><subfield code="d">NVF</subfield><subfield code="d">OCLCO</subfield></datafield><datafield ind1="1" ind2=" " tag="029"><subfield code="a">AU@</subfield><subfield code="b">000024595059</subfield></datafield><datafield ind1=" " ind2=" " tag="042"><subfield code="a">pcc</subfield></datafield><datafield ind1=" " ind2=" " tag="043"><subfield code="a">n-us-il</subfield></datafield><datafield ind1="0" ind2="0" tag="245"><subfield code="a">North West Sunday times.</subfield></datafield><datafield ind1="1" ind2=" " tag="246"><subfield code="i">Published as:</subfield><subfield code="a">Northwest Sunday times</subfield><subfield code="f">Jan. 18, 1959-&lt;&gt;</subfield></datafield><datafield ind1=" " ind2=" " tag="260"><subfield code="a">Chicago, Ill. :</subfield><subfield code="b">A.O. Caplan and Leo A. Lerner</subfield></datafield><datafield ind1=" " ind2=" " tag="300"><subfield code="a">v.</subfield></datafield><datafield ind1=" " ind2=" " tag="310"><subfield code="a">Weekly</subfield></datafield><datafield ind1="1" ind2=" " tag="362"><subfield code="a">Began in 1943.</subfield></datafield><datafield ind1=" " ind2=" " tag="500"><subfield code="a">Title serves: Norridge, Belmont Heights, West Irving, Schorsch, Jefferson Park, Union Ridge, Harwood Heights, Forest Glen, Rosedale Park, Wilson Park, Medina Park, Gladstone Park.</subfield></datafield><datafield ind1=" " ind2=" " tag="500"><subfield code="a">"Sunday Edition of five Johnson Newspapers combined Jefferson Park Times and Mayfair Times Portage Park Times-Albany Park Times North Park Times-Montrose Times."</subfield></datafield><datafield ind1=" " ind2=" " tag="515"><subfield code="a">Vol. numbering is irregular.</subfield></datafield><datafield ind1=" " ind2=" " tag="588"><subfield code="a">Description based on: Vol. 1, no 11 (Jan. 2, 1944).</subfield></datafield><datafield ind1=" " ind2=" " tag="588"><subfield code="a">Latest issue consulted: Dec. 15, 1984.</subfield></datafield><datafield ind1=" " ind2="0" tag="650"><subfield code="a">Community newspapers</subfield><subfield code="z">Illinois</subfield><subfield code="z">Chicago.</subfield></datafield><datafield ind1=" " ind2="0" tag="651"><subfield code="a">Norridge (Ill.)</subfield><subfield code="v">Newspapers.</subfield></datafield><datafield ind1=" " ind2="0" tag="651"><subfield code="a">Belmont Heights (Chicago, Ill.)</subfield><subfield code="v">Newspapers.</subfield></datafield><datafield ind1=" " ind2="0" tag="651"><subfield code="a">Irving Park (Chicago, Ill.)</subfield><subfield code="v">Newspapers.</subfield></datafield><datafield ind1=" " ind2="0" tag="651"><subfield code="a">Schorsch Village (Chicago, Ill.)</subfield><subfield code="v">Newspapers.</subfield></datafield><datafield ind1=" " ind2="0" tag="651"><subfield code="a">Jefferson Park (Chicago, Ill.)</subfield><subfield code="v">Newspapers.</subfield></datafield><datafield ind1=" " ind2="0" tag="651"><subfield code="a">Union Ridge (Chicago, Ill.)</subfield><subfield code="v">Newspapers.</subfield></datafield><datafield ind1=" " ind2="0" tag="651"><subfield code="a">Harwood Heights (Ill.)</subfield><subfield code="v">Newspapers.</subfield></datafield><datafield ind1=" " ind2="0" tag="651"><subfield code="a">Forest Glen (Chicago, Ill.)</subfield><subfield code="v">Newspapers.</subfield></datafield><datafield ind1=" " ind2="0" tag="651"><subfield code="a">Portage Park (Chicago, Ill.)</subfield><subfield code="v">Newspapers.</subfield></datafield><datafield ind1=" " ind2="0" tag="651"><subfield code="a">Medinah (Ill.)</subfield><subfield code="v">Newspapers.</subfield></datafield><datafield ind1=" " ind2="0" tag="651"><subfield code="a">Gladstone Park (Chicago, Ill.)</subfield><subfield code="v">Newspapers.</subfield></datafield><datafield ind1=" " ind2="7" tag="655"><subfield code="a">Newspapers.</subfield><subfield code="2">fast</subfield><subfield code="0">(OCoLC)fst01423814</subfield></datafield><datafield ind1="1" ind2=" " tag="700"><subfield code="a">Lerner, Leo A.</subfield><subfield code="q">(Leo Alfred),</subfield><subfield code="d">1907-1965.</subfield><subfield code="k">Newspapers.</subfield><subfield code="4">pbl</subfield></datafield><datafield ind1=" " ind2=" " tag="752"><subfield code="a">United States</subfield><subfield code="b">Illinois</subfield><subfield code="c">Cook</subfield><subfield code="d">Chicago.</subfield></datafield><datafield ind1="0" ind2=" " tag="775"><subfield code="t">Jefferson Park times and Mayfair times</subfield><subfield code="w">(DLC)sn 96070035</subfield><subfield code="w">(OCoLC)35363128</subfield></datafield><datafield ind1="0" ind2=" " tag="775"><subfield code="t">Portage Park times (Chicago, Ill. : 1950)</subfield><subfield code="w">(DLC)sn 93057137</subfield><subfield code="w">(OCoLC)29160112</subfield></datafield><datafield ind1="0" ind2=" " tag="775"><subfield code="t">Albany Park times</subfield><subfield code="w">(DLC)sn 96070030</subfield><subfield code="w">(OCoLC)35360966</subfield></datafield><datafield ind1="0" ind2=" " tag="775"><subfield code="t">North Park times</subfield><subfield code="w">(DLC)sn 96070069</subfield><subfield code="w">(OCoLC)35331769</subfield></datafield><datafield ind1="0" ind2=" " tag="775"><subfield code="t">Montrose times</subfield><subfield code="w">(DLC)sn 96070065</subfield><subfield code="w">(OCoLC)35369460</subfield></datafield></record>